@ARTICLE{Baumol:1982,
  AUTHOR="Baumol, W",
  TITLE="Contestable Markets: An Uprising in the Theory of Industrial Structure",
  JOURNAL="American Economic Review",
  VOLUME="72",
  YEAR="1982",
  MONTH="May volume"
}
@BOOK{Button:1993,
  AUTHOR="Button, K",
  TITLE="Transport Economics",
  EDITION="Second",
  PUBLISHER="Edward Elgar Publishing",
  ADDRESS="London",
  YEAR="1993",
} 
@BOOK{Descartes:1637,
  AUTHOR="Descartes, R",
  TITLE="Discourse on Method",
  YEAR="1637",
} 
@PROCEEDINGS{Glanville:1957,
  AUTHOR="Glanville, W. and Smeed, R",
  KEY="Glanville, W. and Smeed, R",
  VOLUME="Conference on the Highway Needs of Great Britain",
  TITLE="Basic Requirements For the Roads of Great Britain",
  PUBLISHER="Institute of Civil Engineers",
  YEAR="1957",
}
@BOOK{Gardner:1995,
  AUTHOR="Gaarder, J",
  TITLE="Sophie's World",
  PUBLISHER="Phoenix House",
  ADDRESS="London",
  YEAR="1995",
} 
@BOOK{Hargreaves:1989,
  AUTHOR="Hargeaves Heap, S",
  TITLE="Rationality in Economics",
  PUBLISHER="Basil Blackwell",
  ADDRESS="Oxford",
  YEAR="1989",
} 
@BOOK{Lacey:1976,
  AUTHOR="Lacey, A",
  TITLE="Dictionary of Philosophy",
  PUBLISHER={Routledge \& Kegan Paul},
  ADDRESS="London, Henly and Boston",
  YEAR="1959",
} 
@BOOK{Plato:1901,
  AUTHOR="Plato",
  TITLE="Republic",
  PUBLISHER="Colonial Press",
  ADDRESS="New York",
  YEAR="1901",
  NOTE="Translation by Benjamin Jowett, M.A."
} 
@BOOK{Rodgers:1959,
  AUTHOR="Rodgers, W",
  TITLE="What shall we do about the roads?",
  PUBLISHER="The Fabian Society",
  ADDRESS="London",
  YEAR="1959",
} 
@BOOK{Simon:1982,
  AUTHOR="Simon, H",
  TITLE="Models of Bounded Rationality",
  PUBLISHER="MIT Press",
  ADDRESS="Cambridge, MA",
  YEAR="1982",
} 
@BOOK{Spinoza:1677,
  AUTHOR="Spinoza, B",
  TITLE="Ethica Ordine Geometrico Demonstrata",
  YEAR="1677",
}
@ARTICLE{Stasinopoulos:1995,
  AUTHOR="Stasinopoulos, D",
  TITLE="Common Transport Infrastructure Policy and the Development of Trans-Europcan Networks",
  JOURNAL="Journal of Transport Economics and Policy",
  YEAR="1995",
  MONTH="May volume"
}